@online{ford,
    author = {Ford, Rebecca},
    title  = {Earthquake: Twitter Users Learned of Tremors Seconds Before Feeling Them},
    date   = {2011-08-23},
    url    = {http://www.hollywoodreporter.com/news/earthquake-twitter-users-learned-tremors-226481},
    urldate= {2019-02-18}
}

@online{gon,
    author = {dpa},
    title  = {Der Friedhof der Google-Produkte},
    date   = {2019-04-09},
    url    = {https://www.heise.de/newsticker/meldung/Der-Friedhof-der-Google-Produkte-4367518.html},
    urldate= {2019-04-09}
}
